<record><leader>00000cas a22000007a 4500</leader><controlfield tag="001">24647799</controlfield><controlfield tag="008">911030d19761977ncuwr ne      0    0eng d</controlfield><controlfield tag="009">13381</controlfield><datafield ind1=" " ind2=" " tag="010"><subfield code="a">sn 91068711 </subfield></datafield><datafield ind1=" " ind2=" " tag="040"><subfield code="a">NVJ</subfield><subfield code="b">eng</subfield><subfield code="c">NVJ</subfield><subfield code="d">GUA</subfield></datafield><datafield ind1=" " ind2=" " tag="042"><subfield code="a">msc</subfield></datafield><datafield ind1="0" ind2=" " tag="130"><subfield code="a">Post (Lumberton, N.C.)</subfield></datafield><datafield ind1="0" ind2="4" tag="245"><subfield code="a">The post.</subfield></datafield><datafield ind1=" " ind2=" " tag="260"><subfield code="a">Lumberton, N.C. :</subfield><subfield code="b">[s.n.],</subfield></datafield><datafield ind1=" " ind2=" " tag="300"><subfield code="a">v.</subfield></datafield><datafield ind1=" " ind2=" " tag="310"><subfield code="a">Weekly</subfield></datafield><datafield ind1="0" ind2=" " tag="362"><subfield code="a">Vol. 43, no. 17 (Apr. 29, 1976)-v. 42, no. 23 (June 9, 1977).</subfield></datafield><datafield ind1=" " ind2=" " tag="515"><subfield code="a">Numbering is not consistent.</subfield></datafield><datafield ind1=" " ind2=" " tag="580"><subfield code="a">Issued in Maxton as: The Scottish chief (May 1976-June 1977); issued in Rowland as: The Rowland news (June 1976-June 1977).</subfield></datafield><datafield ind1=" " ind2=" " tag="580"><subfield code="a">Merged with: Scottish chief (Maxton, N.C. : 1976), and: Rowland news, to form: Post of Robeson County, The Scottish chief, Rowland news.</subfield></datafield><datafield ind1=" " ind2=" " tag="752"><subfield code="a">United States</subfield><subfield code="b">North Carolina</subfield><subfield code="c">Robeson</subfield><subfield code="d">Lumberton.</subfield></datafield><datafield ind1="0" ind2=" " tag="775"><subfield code="t">Scottish chief (Maxton, N.C. : 1976)</subfield><subfield code="w">(DLC)sn 91068712</subfield></datafield><datafield ind1="0" ind2=" " tag="775"><subfield code="t">Rowland news</subfield><subfield code="w">(DLC)sn 91068713</subfield></datafield><datafield ind1="0" ind2="0" tag="780"><subfield code="t">Lumberton post</subfield><subfield code="w">(DLC)sn 91068710</subfield></datafield><datafield ind1="1" ind2="7" tag="785"><subfield code="t">Scottish chief (Maxton, N.C. : 1976)</subfield><subfield code="w">(DLC)sn 91068712</subfield></datafield><datafield ind1="1" ind2="7" tag="785"><subfield code="t">Rowland news</subfield><subfield code="w">(DLC)sn 91068713</subfield></datafield><datafield ind1="1" ind2="7" tag="785"><subfield code="t">Post of Robeson County, The Scottish chief, Rowland news</subfield><subfield code="w">(DLC)sn 91068714</subfield></datafield></record>